<?xml version="1.0" encoding="utf-8"?>
<record xmlns="http://www.loc.gov/MARC21/slim" xmlns:xsi="http://www.w3.org/2001/XMLSchema-instance" xsi:schemaLocation="http://www.loc.gov/MARC21/slim http://www.loc.gov/standards/marcxml/schema/MARC21slim.xsd">
	<leader>
		02620nam a2200457   4500
	</leader>
	<controlfield tag="001">
		1880697
	</controlfield>
	<controlfield tag="003">
		NIC
	</controlfield>
	<controlfield tag="006">
		m        d        
	</controlfield>
	<controlfield tag="007">
		cr cn |||m|||a
	</controlfield>
	<controlfield tag="008">
		160224s1981    ir      od    000 0 ara  
	</controlfield>
	<datafield ind1=" " ind2=" " tag="040">
		<subfield code="a">
			NNU
		</subfield>
		<subfield code="b">
			eng
		</subfield>
		<subfield code="e">
			rda
		</subfield>
		<subfield code="c">
			NNU
		</subfield>
	</datafield>
	<datafield ind1=" " ind2="4" tag="050">
		<subfield code="a">
			BP135.2
		</subfield>
		<subfield code="b">
			.I25 1981
		</subfield>
	</datafield>
	<datafield ind1="1" ind2=" " tag="100">
		<subfield code="6">
			880-01
		</subfield>
		<subfield code="a">
			Ibn al-Muṭahhar al-Ḥillī, al-Ḥasan ibn Yūsuf,
		</subfield>
		<subfield code="d">
			1250-1325.
		</subfield>
	</datafield>
	<datafield ind1="1" ind2="0" tag="245">
		<subfield code="6">
			880-02
		</subfield>
		<subfield code="a">
			Rijāl al-ʻAllāmah al-Ḥillī /
		</subfield>
		<subfield code="c">
			taʼlīf al-Ḥasan ibn Yūsuf ibn ʻAlī ibn al-Muṭahhar al-Ḥillī al-maʻrūf bi-al-ʻAllāmah ; muṣaḥḥaḥah ʻalánuskhah, Muḥammad Ṣādiq.
		</subfield>
	</datafield>
	<datafield ind1=" " ind2=" " tag="250">
		<subfield code="6">
			880-03
		</subfield>
		<subfield code="a">
			al-Ṭabʻah 2.
		</subfield>
	</datafield>
	<datafield ind1=" " ind2=" " tag="260">
		<subfield code="6">
			880-04
		</subfield>
		<subfield code="a">
			Qum :
		</subfield>
		<subfield code="b">
			Maktabah al-Raḍī,
		</subfield>
		<subfield code="c">
			1402 [1981 or 1982]
		</subfield>
	</datafield>
	<datafield ind1=" " ind2=" " tag="300">
		<subfield code="a">
			online resource (296 pages)
		</subfield>
	</datafield>
	<datafield ind1=" " ind2=" " tag="336">
		<subfield code="a">
			text
		</subfield>
		<subfield code="2">
			rdacontent
		</subfield>
	</datafield>
	<datafield ind1=" " ind2=" " tag="337">
		<subfield code="a">
			computer
		</subfield>
		<subfield code="2">
			rdamedia
		</subfield>
	</datafield>
	<datafield ind1=" " ind2=" " tag="338">
		<subfield code="a">
			online resource
		</subfield>
		<subfield code="2">
			rdacarrier
		</subfield>
	</datafield>
	<datafield ind1=" " ind2=" " tag="500">
		<subfield code="a">
			PRIORITY 3.
		</subfield>
	</datafield>
	<datafield ind1=" " ind2=" " tag="500">
		<subfield code="a">
			Part of the Arabic Collections Online (ACO) project, contributed by Cornell University Libraries.
		</subfield>
	</datafield>
	<datafield ind1=" " ind2=" " tag="533">
		<subfield code="a">
			Electronic reproduction.
		</subfield>
		<subfield code="b">
			New York, N.Y. :
		</subfield>
		<subfield code="c">
			New York University,
		</subfield>
		<subfield code="d">
			2016.
		</subfield>
		<subfield code="5">
			NNU
		</subfield>
	</datafield>
	<datafield ind1=" " ind2="0" tag="650">
		<subfield code="a">
			Hadith
		</subfield>
		<subfield code="v">
			Dictionaries.
		</subfield>
	</datafield>
	<datafield ind1=" " ind2="0" tag="650">
		<subfield code="a">
			Arabic language
		</subfield>
		<subfield code="v">
			Dictionaries.
		</subfield>
	</datafield>
	<datafield ind1=" " ind2="7" tag="650">
		<subfield code="a">
			Arabic language.
		</subfield>
		<subfield code="2">
			fast
		</subfield>
		<subfield code="0">
			(OCoLC)fst00812287
		</subfield>
	</datafield>
	<datafield ind1=" " ind2="7" tag="650">
		<subfield code="a">
			Hadith.
		</subfield>
		<subfield code="2">
			fast
		</subfield>
		<subfield code="0">
			(OCoLC)fst00950112
		</subfield>
	</datafield>
	<datafield ind1=" " ind2="7" tag="655">
		<subfield code="a">
			Dictionaries.
		</subfield>
		<subfield code="2">
			fast
		</subfield>
		<subfield code="0">
			(OCoLC)fst01423826
		</subfield>
	</datafield>
	<datafield ind1="0" ind2=" " tag="700">
		<subfield code="6">
			880-05
		</subfield>
		<subfield code="a">
			Baḥr al-ʻUlūm, Muḥammad Ṣādiq.
		</subfield>
	</datafield>
	<datafield ind1="2" ind2=" " tag="710">
		<subfield code="a">
			Cornell University.
		</subfield>
		<subfield code="b">
			Libraries.
		</subfield>
	</datafield>
	<datafield ind1="0" ind2=" " tag="730">
		<subfield code="a">
			Arabic Collections Online.
		</subfield>
	</datafield>
	<datafield ind1="0" ind2="8" tag="776">
		<subfield code="i">
			Online version:
		</subfield>
		<subfield code="a">
			Ibn al-Muṭahhar al-Ḥillī, ḥasan ibn Yūsuf, 1250-1325.
		</subfield>
		<subfield code="t">
			Rijāl al-ʻAllāmah al-Ḥillī.
		</subfield>
		<subfield code="b">
			al-Ṭabʻah 2.
		</subfield>
		<subfield code="d">
			Qum : Maktabah al-Raḍī, 1402 [1981 or 1982]
		</subfield>
		<subfield code="w">
			(OCoLC)613060985
		</subfield>
	</datafield>
	<datafield ind1="0" ind2="8" tag="776">
		<subfield code="i">
			Print version:
		</subfield>
		<subfield code="a">
			Ibn al-Muṭahhar al-Ḥillī, al-Ḥasan ibn Yūsuf, 1250-1325.
		</subfield>
		<subfield code="t">
			Rijāl al-ʻAllāmah al-Ḥillī
		</subfield>
		<subfield code="w">
			(NIC)1880697
		</subfield>
		<subfield code="w">
			(DLC)   85931911 
		</subfield>
		<subfield code="w">
			(OCoLC)23140412
		</subfield>
	</datafield>
	<datafield ind1="4" ind2="0" tag="856">
		<subfield code="u">
			http://hdl.handle.net/2333.1/brv15j3g
		</subfield>
	</datafield>
	<datafield ind1="1" ind2=" " tag="880">
		<subfield code="6">
			100-01/r
		</subfield>
		<subfield code="a">
			ابن المطهر الحلي، الحسن بن يوسف،
		</subfield>
		<subfield code="d">
			1250-1325.
		</subfield>
	</datafield>
	<datafield ind1="1" ind2="0" tag="880">
		<subfield code="6">
			245-02/r
		</subfield>
		<subfield code="a">
			رجال العلامة الحلي /
		</subfield>
		<subfield code="c">
			تأليف الحسن بن يوسف بن علي بن المطهر الحلي المعروف بالعلامة ؛ مصححه على نسخة محمد صادق بحر العلوم.
		</subfield>
	</datafield>
	<datafield ind1=" " ind2=" " tag="880">
		<subfield code="6">
			250-03/r
		</subfield>
		<subfield code="a">
			الطبعة 2.
		</subfield>
	</datafield>
	<datafield ind1=" " ind2=" " tag="880">
		<subfield code="6">
			260-04/r
		</subfield>
		<subfield code="a">
			قم :
		</subfield>
		<subfield code="b">
			مكتبة الرضي،
		</subfield>
		<subfield code="c">
			1402 [1981 or 1982]
		</subfield>
	</datafield>
	<datafield ind1="0" ind2=" " tag="880">
		<subfield code="6">
			700-05/r
		</subfield>
		<subfield code="a">
			بحر العلوم، محمد صادق.
		</subfield>
	</datafield>
	<datafield ind1=" " ind2=" " tag="959">
		<subfield code="a">
			NNU
		</subfield>
		<subfield code="b">
			WEB
		</subfield>
		<subfield code="c">
			GENI
		</subfield>
		<subfield code="t">
			0
		</subfield>
		<subfield code="m">
			Electronic access
		</subfield>
		<subfield code="s">
			01
		</subfield>
	</datafield>
	<datafield ind1=" " ind2=" " tag="999">
		<subfield code="i">
			NIC_1880697
		</subfield>
		<subfield code="o">
			(OCoLC)ocm23140412
		</subfield>
		<subfield code="s">
			cornell_aco000505
		</subfield>
		<subfield code="e">
			(ERROR-880)
		</subfield>
		<subfield code="s">
			cornell_aco000505
		</subfield>
	</datafield>
</record>
